%YAML 1.1
%TAG !u! tag:unity3d.com,2011:
--- !u!1 &100738
GameObject:
  m_ObjectHideFlags: 0
  m_PrefabParentObject: {fileID: 0}
  m_PrefabInternal: {fileID: 100100000}
  serializedVersion: 4
  m_Component:
  - 4: {fileID: 427284}
  - 96: {fileID: 9641852}
  m_Layer: 8
  m_Name: BoostTrailLeft
  m_TagString: Untagged
  m_Icon: {fileID: 0}
  m_NavMeshLayer: 0
  m_StaticEditorFlags: 0
  m_IsActive: 1
--- !u!1 &101278
GameObject:
  m_ObjectHideFlags: 0
  m_PrefabParentObject: {fileID: 0}
  m_PrefabInternal: {fileID: 100100000}
  serializedVersion: 4
  m_Component:
  - 4: {fileID: 417802}
  - 60: {fileID: 6017314}
  - 114: {fileID: 11465682}
  - 33: {fileID: 3332366}
  - 23: {fileID: 2378822}
  - 114: {fileID: 11408396}
  m_Layer: 8
  m_Name: BoostOutline
  m_TagString: Untagged
  m_Icon: {fileID: 0}
  m_NavMeshLayer: 0
  m_StaticEditorFlags: 0
  m_IsActive: 1
--- !u!1 &111558
GameObject:
  m_ObjectHideFlags: 0
  m_PrefabParentObject: {fileID: 0}
  m_PrefabInternal: {fileID: 100100000}
  serializedVersion: 4
  m_Component:
  - 4: {fileID: 420612}
  - 96: {fileID: 9640350}
  m_Layer: 8
  m_Name: Trail
  m_TagString: Untagged
  m_Icon: {fileID: 0}
  m_NavMeshLayer: 0
  m_StaticEditorFlags: 0
  m_IsActive: 1
--- !u!1 &158516
GameObject:
  m_ObjectHideFlags: 0
  m_PrefabParentObject: {fileID: 0}
  m_PrefabInternal: {fileID: 100100000}
  serializedVersion: 4
  m_Component:
  - 4: {fileID: 497946}
  - 60: {fileID: 6089406}
  - 114: {fileID: 11483910}
  - 114: {fileID: 11421618}
  - 33: {fileID: 3341240}
  - 23: {fileID: 2318478}
  m_Layer: 8
  m_Name: InvulnerabilityOutline
  m_TagString: Untagged
  m_Icon: {fileID: 0}
  m_NavMeshLayer: 0
  m_StaticEditorFlags: 0
  m_IsActive: 1
--- !u!1 &158746
GameObject:
  m_ObjectHideFlags: 0
  m_PrefabParentObject: {fileID: 0}
  m_PrefabInternal: {fileID: 100100000}
  serializedVersion: 4
  m_Component:
  - 4: {fileID: 404308}
  - 23: {fileID: 2350332}
  - 33: {fileID: 3307306}
  - 114: {fileID: 11482562}
  - 114: {fileID: 11479884}
  - 50: {fileID: 5058244}
  - 60: {fileID: 6036724}
  - 114: {fileID: 11483024}
  - 114: {fileID: 11446726}
  - 114: {fileID: 11439214}
  m_Layer: 8
  m_Name: Spaceship
  m_TagString: Untagged
  m_Icon: {fileID: 0}
  m_NavMeshLayer: 0
  m_StaticEditorFlags: 0
  m_IsActive: 1
--- !u!1 &166528
GameObject:
  m_ObjectHideFlags: 0
  m_PrefabParentObject: {fileID: 0}
  m_PrefabInternal: {fileID: 100100000}
  serializedVersion: 4
  m_Component:
  - 4: {fileID: 434366}
  - 33: {fileID: 3302754}
  - 23: {fileID: 2307338}
  m_Layer: 0
  m_Name: Aim
  m_TagString: Untagged
  m_Icon: {fileID: 0}
  m_NavMeshLayer: 0
  m_StaticEditorFlags: 0
  m_IsActive: 0
--- !u!4 &404308
Transform:
  m_ObjectHideFlags: 1
  m_PrefabParentObject: {fileID: 0}
  m_PrefabInternal: {fileID: 100100000}
  m_GameObject: {fileID: 158746}
  m_LocalRotation: {x: 0, y: 0, z: 0, w: 1}
  m_LocalPosition: {x: .920000017, y: -2.88000011, z: 0}
  m_LocalScale: {x: 1, y: 1, z: 1}
  m_Children:
  - {fileID: 434366}
  - {fileID: 497946}
  - {fileID: 420612}
  - {fileID: 417802}
  - {fileID: 427284}
  m_Father: {fileID: 0}
  m_RootOrder: 0
--- !u!4 &417802
Transform:
  m_ObjectHideFlags: 1
  m_PrefabParentObject: {fileID: 0}
  m_PrefabInternal: {fileID: 100100000}
  m_GameObject: {fileID: 101278}
  m_LocalRotation: {x: 0, y: 0, z: 0, w: 1}
  m_LocalPosition: {x: 0, y: 0, z: .300000012}
  m_LocalScale: {x: 1.36841416, y: 1.12168396, z: 1.22347701}
  m_Children: []
  m_Father: {fileID: 404308}
  m_RootOrder: 3
--- !u!4 &420612
Transform:
  m_ObjectHideFlags: 1
  m_PrefabParentObject: {fileID: 0}
  m_PrefabInternal: {fileID: 100100000}
  m_GameObject: {fileID: 111558}
  m_LocalRotation: {x: 0, y: 0, z: 0, w: 1}
  m_LocalPosition: {x: 0, y: -.550000012, z: 2}
  m_LocalScale: {x: 1, y: 1, z: 1}
  m_Children: []
  m_Father: {fileID: 404308}
  m_RootOrder: 2
--- !u!4 &427284
Transform:
  m_ObjectHideFlags: 1
  m_PrefabParentObject: {fileID: 0}
  m_PrefabInternal: {fileID: 100100000}
  m_GameObject: {fileID: 100738}
  m_LocalRotation: {x: 0, y: 0, z: 0, w: 1}
  m_LocalPosition: {x: 0, y: -.400000006, z: 3}
  m_LocalScale: {x: 1, y: 1, z: 1}
  m_Children: []
  m_Father: {fileID: 404308}
  m_RootOrder: 4
--- !u!4 &434366
Transform:
  m_ObjectHideFlags: 1
  m_PrefabParentObject: {fileID: 0}
  m_PrefabInternal: {fileID: 100100000}
  m_GameObject: {fileID: 166528}
  m_LocalRotation: {x: 0, y: 0, z: 0, w: 1}
  m_LocalPosition: {x: 0, y: 0, z: -3}
  m_LocalScale: {x: 1.19527853, y: .214802936, z: .448089242}
  m_Children: []
  m_Father: {fileID: 404308}
  m_RootOrder: 0
--- !u!4 &497946
Transform:
  m_ObjectHideFlags: 1
  m_PrefabParentObject: {fileID: 0}
  m_PrefabInternal: {fileID: 100100000}
  m_GameObject: {fileID: 158516}
  m_LocalRotation: {x: 0, y: 0, z: 0, w: 1}
  m_LocalPosition: {x: 0, y: 0, z: .300000012}
  m_LocalScale: {x: 1.27161551, y: 1.16053486, z: .980032682}
  m_Children: []
  m_Father: {fileID: 404308}
  m_RootOrder: 1
--- !u!23 &2307338
MeshRenderer:
  m_ObjectHideFlags: 1
  m_PrefabParentObject: {fileID: 0}
  m_PrefabInternal: {fileID: 100100000}
  m_GameObject: {fileID: 166528}
  m_Enabled: 1
  m_CastShadows: 1
  m_ReceiveShadows: 1
  m_Materials:
  - {fileID: 2100000, guid: 110d538dddf84714b8e71da6148331ce, type: 2}
  m_SubsetIndices: 
  m_StaticBatchRoot: {fileID: 0}
  m_UseLightProbes: 1
  m_ReflectionProbeUsage: 1
  m_ProbeAnchor: {fileID: 0}
  m_ScaleInLightmap: 1
  m_PreserveUVs: 1
  m_ImportantGI: 0
  m_AutoUVMaxDistance: .5
  m_AutoUVMaxAngle: 89
  m_LightmapParameters: {fileID: 0}
  m_SortingLayerID: 0
  m_SortingOrder: 0
--- !u!23 &2318478
MeshRenderer:
  m_ObjectHideFlags: 1
  m_PrefabParentObject: {fileID: 0}
  m_PrefabInternal: {fileID: 100100000}
  m_GameObject: {fileID: 158516}
  m_Enabled: 1
  m_CastShadows: 0
  m_ReceiveShadows: 0
  m_Materials:
  - {fileID: 2100000, guid: 3696e3b236aa28a4287d05ec12140ac7, type: 2}
  m_SubsetIndices: 
  m_StaticBatchRoot: {fileID: 0}
  m_UseLightProbes: 0
  m_ReflectionProbeUsage: 1
  m_ProbeAnchor: {fileID: 0}
  m_ScaleInLightmap: 1
  m_PreserveUVs: 0
  m_ImportantGI: 0
  m_AutoUVMaxDistance: .5
  m_AutoUVMaxAngle: 89
  m_LightmapParameters: {fileID: 0}
  m_SortingLayerID: 0
  m_SortingOrder: 0
--- !u!23 &2350332
MeshRenderer:
  m_ObjectHideFlags: 1
  m_PrefabParentObject: {fileID: 0}
  m_PrefabInternal: {fileID: 100100000}
  m_GameObject: {fileID: 158746}
  m_Enabled: 1
  m_CastShadows: 0
  m_ReceiveShadows: 0
  m_Materials:
  - {fileID: 2100000, guid: 550f74a707cefb844bf608e48c53cec2, type: 2}
  m_SubsetIndices: 
  m_StaticBatchRoot: {fileID: 0}
  m_UseLightProbes: 0
  m_ReflectionProbeUsage: 1
  m_ProbeAnchor: {fileID: 0}
  m_ScaleInLightmap: 1
  m_PreserveUVs: 0
  m_ImportantGI: 0
  m_AutoUVMaxDistance: .5
  m_AutoUVMaxAngle: 89
  m_LightmapParameters: {fileID: 0}
  m_SortingLayerID: 0
  m_SortingOrder: 0
--- !u!23 &2378822
MeshRenderer:
  m_ObjectHideFlags: 1
  m_PrefabParentObject: {fileID: 0}
  m_PrefabInternal: {fileID: 100100000}
  m_GameObject: {fileID: 101278}
  m_Enabled: 1
  m_CastShadows: 0
  m_ReceiveShadows: 0
  m_Materials:
  - {fileID: 2100000, guid: 5c28b8419eec9f54b8b2b3e29c9638b0, type: 2}
  m_SubsetIndices: 
  m_StaticBatchRoot: {fileID: 0}
  m_UseLightProbes: 0
  m_ReflectionProbeUsage: 1
  m_ProbeAnchor: {fileID: 0}
  m_ScaleInLightmap: 1
  m_PreserveUVs: 0
  m_ImportantGI: 0
  m_AutoUVMaxDistance: .5
  m_AutoUVMaxAngle: 89
  m_LightmapParameters: {fileID: 0}
  m_SortingLayerID: 0
  m_SortingOrder: 0
--- !u!33 &3302754
MeshFilter:
  m_ObjectHideFlags: 1
  m_PrefabParentObject: {fileID: 0}
  m_PrefabInternal: {fileID: 100100000}
  m_GameObject: {fileID: 166528}
  m_Mesh: {fileID: 10202, guid: 0000000000000000e000000000000000, type: 0}
--- !u!33 &3307306
MeshFilter:
  m_ObjectHideFlags: 1
  m_PrefabParentObject: {fileID: 0}
  m_PrefabInternal: {fileID: 100100000}
  m_GameObject: {fileID: 158746}
  m_Mesh: {fileID: 0}
--- !u!33 &3332366
MeshFilter:
  m_ObjectHideFlags: 1
  m_PrefabParentObject: {fileID: 0}
  m_PrefabInternal: {fileID: 100100000}
  m_GameObject: {fileID: 101278}
  m_Mesh: {fileID: 0}
--- !u!33 &3341240
MeshFilter:
  m_ObjectHideFlags: 1
  m_PrefabParentObject: {fileID: 0}
  m_PrefabInternal: {fileID: 100100000}
  m_GameObject: {fileID: 158516}
  m_Mesh: {fileID: 0}
--- !u!50 &5058244
Rigidbody2D:
  m_ObjectHideFlags: 1
  m_PrefabParentObject: {fileID: 0}
  m_PrefabInternal: {fileID: 100100000}
  m_GameObject: {fileID: 158746}
  m_Mass: 1
  m_LinearDrag: 0
  m_AngularDrag: .0500000007
  m_GravityScale: 1
  m_FixedAngle: 0
  m_IsKinematic: 0
  m_Interpolate: 1
  m_SleepingMode: 1
  m_CollisionDetection: 0
--- !u!60 &6017314
PolygonCollider2D:
  m_ObjectHideFlags: 1
  m_PrefabParentObject: {fileID: 0}
  m_PrefabInternal: {fileID: 100100000}
  m_GameObject: {fileID: 101278}
  m_Enabled: 1
  m_Material: {fileID: 0}
  m_IsTrigger: 0
  m_UsedByEffector: 0
  m_Offset: {x: 0, y: 0}
  m_Points:
    m_Paths:
    - - {x: -.187446594, y: .686248779}
      - {x: .181625366, y: .687667847}
      - {x: .514145732, y: -.626174688}
      - {x: -.531790972, y: -.623748899}
--- !u!60 &6036724
PolygonCollider2D:
  m_ObjectHideFlags: 1
  m_PrefabParentObject: {fileID: 0}
  m_PrefabInternal: {fileID: 100100000}
  m_GameObject: {fileID: 158746}
  m_Enabled: 1
  m_Material: {fileID: 0}
  m_IsTrigger: 0
  m_UsedByEffector: 0
  m_Offset: {x: 0, y: 0}
  m_Points:
    m_Paths:
    - - {x: -.187446594, y: .686248779}
      - {x: .181625366, y: .687667847}
      - {x: .578962803, y: -.614926815}
      - {x: -.596607506, y: -.623749018}
--- !u!60 &6089406
PolygonCollider2D:
  m_ObjectHideFlags: 1
  m_PrefabParentObject: {fileID: 0}
  m_PrefabInternal: {fileID: 100100000}
  m_GameObject: {fileID: 158516}
  m_Enabled: 1
  m_Material: {fileID: 0}
  m_IsTrigger: 0
  m_UsedByEffector: 0
  m_Offset: {x: 0, y: 0}
  m_Points:
    m_Paths:
    - - {x: -.187446594, y: .686248779}
      - {x: .181625366, y: .687667847}
      - {x: .578962803, y: -.614926815}
      - {x: -.596607506, y: -.623749018}
--- !u!96 &9640350
TrailRenderer:
  m_ObjectHideFlags: 1
  m_PrefabParentObject: {fileID: 0}
  m_PrefabInternal: {fileID: 100100000}
  m_GameObject: {fileID: 111558}
  m_Enabled: 1
  m_CastShadows: 0
  m_ReceiveShadows: 0
  m_Materials:
  - {fileID: 2100000, guid: a250faab19d774546926a814172db840, type: 2}
  m_SubsetIndices: 
  m_StaticBatchRoot: {fileID: 0}
  m_UseLightProbes: 0
  m_ReflectionProbeUsage: 1
  m_ProbeAnchor: {fileID: 0}
  m_ScaleInLightmap: 1
  m_PreserveUVs: 0
  m_ImportantGI: 0
  m_AutoUVMaxDistance: .5
  m_AutoUVMaxAngle: 89
  m_LightmapParameters: {fileID: 0}
  m_SortingLayerID: 0
  m_SortingOrder: 0
  m_Time: .300000012
  m_StartWidth: .200000003
  m_EndWidth: .100000001
  m_Colors:
    m_Color[0]:
      serializedVersion: 2
      rgba: 3271557119
    m_Color[1]:
      serializedVersion: 2
      rgba: 2801795071
    m_Color[2]:
      serializedVersion: 2
      rgba: 2164260863
    m_Color[3]:
      serializedVersion: 2
      rgba: 1375731711
    m_Color[4]:
      serializedVersion: 2
      rgba: 16777215
  m_MinVertexDistance: .0199999996
  m_Autodestruct: 0
--- !u!96 &9641852
TrailRenderer:
  m_ObjectHideFlags: 1
  m_PrefabParentObject: {fileID: 0}
  m_PrefabInternal: {fileID: 100100000}
  m_GameObject: {fileID: 100738}
  m_Enabled: 1
  m_CastShadows: 0
  m_ReceiveShadows: 0
  m_Materials:
  - {fileID: 2100000, guid: af69df36613ba1d4694f71962ac417b6, type: 2}
  m_SubsetIndices: 
  m_StaticBatchRoot: {fileID: 0}
  m_UseLightProbes: 0
  m_ReflectionProbeUsage: 1
  m_ProbeAnchor: {fileID: 0}
  m_ScaleInLightmap: 1
  m_PreserveUVs: 0
  m_ImportantGI: 0
  m_AutoUVMaxDistance: .5
  m_AutoUVMaxAngle: 89
  m_LightmapParameters: {fileID: 0}
  m_SortingLayerID: 0
  m_SortingOrder: 0
  m_Time: .300000012
  m_StartWidth: .400000006
  m_EndWidth: .300000012
  m_Colors:
    m_Color[0]:
      serializedVersion: 2
      rgba: 3875536895
    m_Color[1]:
      serializedVersion: 2
      rgba: 3087007743
    m_Color[2]:
      serializedVersion: 2
      rgba: 2483027967
    m_Color[3]:
      serializedVersion: 2
      rgba: 1342177279
    m_Color[4]:
      serializedVersion: 2
      rgba: 16777215
  m_MinVertexDistance: .0199999996
  m_Autodestruct: 0
--- !u!114 &11408396
MonoBehaviour:
  m_ObjectHideFlags: 1
  m_PrefabParentObject: {fileID: 0}
  m_PrefabInternal: {fileID: 100100000}
  m_GameObject: {fileID: 101278}
  m_Enabled: 1
  m_EditorHideFlags: 0
  m_Script: {fileID: 11500000, guid: b9a9f8598b3fe0546b5b248fea50ab66, type: 3}
  m_Name: 
  m_EditorClassIdentifier: 
  m_speed: 5
--- !u!114 &11421618
MonoBehaviour:
  m_ObjectHideFlags: 1
  m_PrefabParentObject: {fileID: 0}
  m_PrefabInternal: {fileID: 100100000}
  m_GameObject: {fileID: 158516}
  m_Enabled: 1
  m_EditorHideFlags: 0
  m_Script: {fileID: 11500000, guid: 2a548cf556d9d5d46a6762b06c07f5e7, type: 3}
  m_Name: 
  m_EditorClassIdentifier: 
  m_blinkFrequency: 10
--- !u!114 &11439214
MonoBehaviour:
  m_ObjectHideFlags: 1
  m_PrefabParentObject: {fileID: 0}
  m_PrefabInternal: {fileID: 100100000}
  m_GameObject: {fileID: 158746}
  m_Enabled: 1
  m_EditorHideFlags: 0
  m_Script: {fileID: 11500000, guid: a2a854d0835901e4bb537b797fbc3a12, type: 3}
  m_Name: 
  m_EditorClassIdentifier: 
  m_indicatorPrefab: {fileID: 189704, guid: 7be952dbfb474ea4ca0fafd5c03a1e70, type: 2}
  m_deathTime: 1.25
--- !u!114 &11446726
MonoBehaviour:
  m_ObjectHideFlags: 1
  m_PrefabParentObject: {fileID: 0}
  m_PrefabInternal: {fileID: 100100000}
  m_GameObject: {fileID: 158746}
  m_Enabled: 1
  m_EditorHideFlags: 0
  m_Script: {fileID: 11500000, guid: ec2ee0fe16e0b3842a8207d3b123c3e8, type: 3}
  m_Name: 
  m_EditorClassIdentifier: 
--- !u!114 &11465682
MonoBehaviour:
  m_ObjectHideFlags: 1
  m_PrefabParentObject: {fileID: 0}
  m_PrefabInternal: {fileID: 100100000}
  m_GameObject: {fileID: 101278}
  m_Enabled: 1
  m_EditorHideFlags: 0
  m_Script: {fileID: 11500000, guid: c92b163b73dfd1f44af29303740f5fb8, type: 3}
  m_Name: 
  m_EditorClassIdentifier: 
  m_textureScale: 1
  m_outlineThickness: .100000001
  m_color: {r: 1, g: 1, b: 1, a: 1}
  m_outlineColor: {r: 1, g: 1, b: 1, a: 1}
--- !u!114 &11479884
MonoBehaviour:
  m_ObjectHideFlags: 1
  m_PrefabParentObject: {fileID: 0}
  m_PrefabInternal: {fileID: 100100000}
  m_GameObject: {fileID: 158746}
  m_Enabled: 1
  m_EditorHideFlags: 0
  m_Script: {fileID: 11500000, guid: c92b163b73dfd1f44af29303740f5fb8, type: 3}
  m_Name: 
  m_EditorClassIdentifier: 
  m_textureScale: 1
  m_outlineThickness: .150000006
  m_color: {r: .705882311, g: .705882311, b: .705882311, a: 1}
  m_outlineColor: {r: 1, g: 1, b: 1, a: 1}
--- !u!114 &11482562
MonoBehaviour:
  m_ObjectHideFlags: 1
  m_PrefabParentObject: {fileID: 0}
  m_PrefabInternal: {fileID: 100100000}
  m_GameObject: {fileID: 158746}
  m_Enabled: 1
  m_EditorHideFlags: 0
  m_Script: {fileID: 11500000, guid: 8e04951e21443f3459bc5b8ca3bd6baf, type: 3}
  m_Name: 
  m_EditorClassIdentifier: 
  m_safeTime: .100000001
  m_polygonPrefab: {fileID: 152346, guid: 3d940d3f128589b4ca7667546fdae613, type: 2}
  m_momentum: .300000012
  m_breakVelocity: 5
  breakLimit: 1
  Area: 1
  m_extraDurable: 1
  m_minBreakArea: 1
  m_isInvulnerable: 0
--- !u!114 &11483024
MonoBehaviour:
  m_ObjectHideFlags: 1
  m_PrefabParentObject: {fileID: 0}
  m_PrefabInternal: {fileID: 100100000}
  m_GameObject: {fileID: 158746}
  m_Enabled: 1
  m_EditorHideFlags: 0
  m_Script: {fileID: 11500000, guid: 8b838bf421d856f4a91c5629793ca763, type: 3}
  m_Name: 
  m_EditorClassIdentifier: 
  m_rigidBody2d: {fileID: 0}
  m_maxSpeed: 20
  m_throttleForce: 80
  m_throttleDamping: 1
  m_playerMass: 1
  m_boostMaxSpeed: 33
  m_boostThrottleForce: 130
  m_angularForce: 350
  m_angularDamping: .150000006
  Throttle: {x: 0, y: 0}
  Aim: {x: 0, y: 0}
  Boost: 0
  MaxBoostStamina: 100
  BoostStaminaRegenRate: 75
  BoostStaminaDepletionRate: 100
  m_grapplingPrefab: {fileID: 11452054, guid: 493f4410b02597f4ca5d9f792cfa4c62, type: 2}
  m_grapplingFireSpeed: 80
  m_grapplingMaxLength: 20
  m_explosionPrefab: {fileID: 11487042, guid: 7276e26eb245f004eb57675d0829042d, type: 2}
  m_trailRenderer: {fileID: 9640350}
  m_trailOffsetSpeed: 2
  m_aimVisual: {fileID: 434366}
  m_boostVisual: {fileID: 2378822}
  m_boostTrailVisual: {fileID: 9641852}
  m_secondBreakVelocity: 6
  m_invulerabilityOutline: {fileID: 11421618}
  m_ropeVisualPrefab: {fileID: 11415804, guid: 8ee6e962ca1625743ae66b56e290d2ff, type: 2}
  m_partialBreakExplosionPrefab: {fileID: 11450772, guid: 24f13a49500334a4493e10ac1d2fe45e,
    type: 2}
--- !u!114 &11483910
MonoBehaviour:
  m_ObjectHideFlags: 1
  m_PrefabParentObject: {fileID: 0}
  m_PrefabInternal: {fileID: 100100000}
  m_GameObject: {fileID: 158516}
  m_Enabled: 1
  m_EditorHideFlags: 0
  m_Script: {fileID: 11500000, guid: c92b163b73dfd1f44af29303740f5fb8, type: 3}
  m_Name: 
  m_EditorClassIdentifier: 
  m_textureScale: 1
  m_outlineThickness: .100000001
  m_color: {r: 1, g: 1, b: 1, a: 1}
  m_outlineColor: {r: 1, g: 1, b: 1, a: 1}
--- !u!1001 &100100000
Prefab:
  m_ObjectHideFlags: 1
  serializedVersion: 2
  m_Modification:
    m_TransformParent: {fileID: 0}
    m_Modifications: []
    m_RemovedComponents: []
  m_ParentPrefab: {fileID: 0}
  m_RootGameObject: {fileID: 158746}
  m_IsPrefabParent: 1
